<record><leader>00000cas a2200000 a 4500</leader><controlfield tag="001">22142366</controlfield><controlfield tag="008">900725d19321935ilucr ne      0   a0eng c</controlfield><datafield ind1=" " ind2=" " tag="010"><subfield code="a">sn2009271151</subfield></datafield><datafield ind1=" " ind2=" " tag="040"><subfield code="a">UIU</subfield><subfield code="b">eng</subfield><subfield code="c">UIU</subfield><subfield code="d">NVF</subfield><subfield code="d">OCL</subfield><subfield code="d">OCLCQ</subfield><subfield code="d">NVF</subfield><subfield code="d">OCLCF</subfield><subfield code="d">OCLCO</subfield><subfield code="d">NVF</subfield><subfield code="d">OCLCO</subfield><subfield code="d">OCL</subfield></datafield><datafield ind1=" " ind2=" " tag="043"><subfield code="a">n-us-il</subfield></datafield><datafield ind1="0" ind2=" " tag="092"><subfield code="a">647.947301</subfield><subfield code="b">D141</subfield></datafield><datafield ind1="0" ind2="0" tag="245"><subfield code="a">National hotel reporter.</subfield></datafield><datafield ind1=" " ind2=" " tag="260"><subfield code="a">Chicago, Ill. :</subfield><subfield code="b">J.W. Dunbar,</subfield><subfield code="c">1932-1935.</subfield></datafield><datafield ind1=" " ind2=" " tag="300"><subfield code="a">v.</subfield></datafield><datafield ind1=" " ind2=" " tag="310"><subfield code="a">Semiweekly</subfield></datafield><datafield ind1="0" ind2=" " tag="362"><subfield code="a">Vol. 61, no. 175, 61st year (Aug. 5, 1932)-</subfield></datafield><datafield ind1="1" ind2=" " tag="362"><subfield code="a">Ceased in 1935.</subfield></datafield><datafield ind1=" " ind2=" " tag="515"><subfield code="a">Vol. 62, no. 1 never published.</subfield></datafield><datafield ind1=" " ind2=" " tag="515"><subfield code="a">Various incorrect chronological and numbering designation.</subfield></datafield><datafield ind1=" " ind2=" " tag="530"><subfield code="a">Preservation microfilmed by the University of Illinois at Urbana-Champaign Library as part of the United States Newspaper Program; the years 1932-1934 (on 2 microfilm reels) are available for purchase from OCLC Preservation Service Centers.</subfield></datafield><datafield ind1=" " ind2=" " tag="580"><subfield code="a">Vol. 61, no. 175-v. 62, no. 52 bound with the preceding title: The daily national hotel reporter, vol. 61, no. 153-174.</subfield></datafield><datafield ind1=" " ind2=" " tag="588"><subfield code="a">Latest issue consulted: Vol. 63, no. 51 (June 22, 1934).</subfield></datafield><datafield ind1=" " ind2="0" tag="650"><subfield code="a">Hotels</subfield><subfield code="z">United States</subfield><subfield code="v">Newspapers.</subfield></datafield><datafield ind1=" " ind2="0" tag="650"><subfield code="a">Hotel management</subfield><subfield code="z">United States</subfield><subfield code="v">Newspapers.</subfield></datafield><datafield ind1=" " ind2="0" tag="650"><subfield code="a">Hotel restaurants</subfield><subfield code="z">United States</subfield><subfield code="v">Newspapers.</subfield></datafield><datafield ind1=" " ind2="0" tag="650"><subfield code="a">Bars (Drinking establishments)</subfield><subfield code="z">United States</subfield><subfield code="v">Newspapers.</subfield></datafield><datafield ind1=" " ind2="0" tag="651"><subfield code="a">United States</subfield><subfield code="v">Newspapers.</subfield></datafield><datafield ind1=" " ind2="7" tag="655"><subfield code="a">Newspapers.</subfield><subfield code="2">fast</subfield><subfield code="0">(OCoLC)fst01423814</subfield></datafield><datafield ind1=" " ind2="7" tag="650"><subfield code="a">Bars (Drinking establishments)</subfield><subfield code="2">fast</subfield><subfield code="0">(OCoLC)fst00827779</subfield></datafield><datafield ind1=" " ind2="7" tag="650"><subfield code="a">Hotel management.</subfield><subfield code="2">fast</subfield><subfield code="0">(OCoLC)fst00961743</subfield></datafield><datafield ind1=" " ind2="7" tag="650"><subfield code="a">Hotel restaurants.</subfield><subfield code="2">fast</subfield><subfield code="0">(OCoLC)fst01763303</subfield></datafield><datafield ind1=" " ind2="7" tag="650"><subfield code="a">Hotels.</subfield><subfield code="2">fast</subfield><subfield code="0">(OCoLC)fst00961767</subfield></datafield><datafield ind1=" " ind2="7" tag="651"><subfield code="a">United States.</subfield><subfield code="2">fast</subfield><subfield code="0">(OCoLC)fst01204155</subfield></datafield><datafield ind1=" " ind2=" " tag="752"><subfield code="a">United States</subfield><subfield code="b">Illinois</subfield><subfield code="c">Cook</subfield><subfield code="d">Chicago.</subfield></datafield><datafield ind1="0" ind2="0" tag="780"><subfield code="t">Daily national hotel reporter</subfield><subfield code="w">(DLC)sn 91055351</subfield><subfield code="w">(OCoLC)22142429</subfield></datafield></record>